# Data:
% IPEDS Data, collected together by Urban Inst.
@misc{ipeds,
  title={{US Department of Education Integrated Postsecondary Education Data System}},
  year={2021},
  note={Education Data Portal (Version 0.14.0), Urban Institute, accessed 10 January 2022.
    \url{https://educationdata.urban.org/documentation/},
    made available under the ODC Attribution License
    \url{https://opendatacommons.org/licenses/by/1-0/}.}
}
% IBHED Illinois data
@misc{ibhed,
  title={{Illinois Board of Higher Education}},
  year={2021},
  note={Public University Administrator and Faculty Salary and Benefits Database, accessed 10 January 2022.
    \url{https://salarysearch.ibhe.org/}.}
}
% Hiring Networks data
@article{wapman2022quantifying,
  title={Quantifying hierarchy and dynamics in US faculty hiring and retention},
  author={Wapman, K Hunter and Zhang, Sam and Clauset, Aaron and Larremore, Daniel B},
  journal={Nature},
  volume={610},
  number={7930},
  pages={120--127},
  year={2022},
  publisher={Nature Publishing Group UK London},
  note = {\url{https://doi.org/10.1038/s41586-022-05222-x}}
}

# Papers to cite:
@article{card2012inequality,
  Author = {Card, David and Mas, Alexandre and Moretti, Enrico and Saez, Emmanuel},
  Title = {Inequality at Work: The Effect of Peer Salaries on Job Satisfaction},
  Journal = {American Economic Review},
  Volume = {102},
  Number = {6},
  Year = {2012},
  Month = {May},
  Pages = {2981-3003},
  note = {\url{https://doi.org/10.1257/aer.102.6.2981}}
}
@article{jaeger2011examining,
  title={Examining retention and contingent faculty use in a state system of public higher education},
  author={Jaeger, Audrey J and Eagan, M Kevin},
  journal={Educational Policy},
  volume={25},
  number={3},
  pages={507--537},
  year={2011},
  publisher={SAGE Publications Sage CA: Los Angeles, CA},
  note = {\url{https://doi.org/10.1086/345558}}
}
@article{mcpherson1999tenure,
  title={Tenure issues in higher education},
  author={McPherson, Michael S and Schapiro, Morton Owen},
  journal={Journal of Economic Perspectives},
  volume={13},
  number={1},
  pages={85--98},
  year={1999},
  publisher={American Economic Association},
  note = {\url{https://doi.org/10.1162/003355398555892}}
}
@article{mcpherson1983economics,
  title={The economics of academic tenure: A relational perspective},
  author={McPherson, Michael S and Winston, Gordon C},
  journal={Journal of Economic Behavior \& Organization},
  volume={4},
  number={2-3},
  pages={163--184},
  year={1983},
  publisher={Elsevier},
  note = {\url{https://doi.org/10.1016/0167-2681(83)90005-7}}
}
@article{berman1998implications,
  title={Implications of skill-biased technological change: international evidence},
  author={Berman, Eli and Bound, John and Machin, Stephen},
  journal={The quarterly journal of economics},
  volume={113},
  number={4},
  pages={1245--1279},
  year={1998},
  publisher={MIT Press},
  note = {\url{https://doi.org/10.1257/jep.13.1.85}}
}}

@article{ehrenberg2003studying,
  title={Studying ourselves: The academic labor market: Presidential address to the Society of Labor Economists, Baltimore, May 3, 2002},
  author={Ehrenberg, Ronald G},
  journal={Journal of Labor Economics},
  volume={21},
  number={2},
  pages={267--287},
  year={2003},
  publisher={The University of Chicago Press},
  note = {\url{https://doi.org/10.1086/345558}}
}
@article{ehrenberg2005tenured,
  title={Do tenured and tenure-track faculty matter?},
  author={Ehrenberg, Ronald G and Zhang, Liang},
  journal={Journal of Human Resources},
  volume={40},
  number={3},
  pages={647--659},
  year={2005},
  publisher={University of Wisconsin Press},
  note = {\url{https://doi.org/10.3368/jhr.XL.3.647}}
}
@article{zhu2021limited,
  title={Limited contracts, limited quality?  Effects of adjunct instructors on student outcomes.},
  author={Zhu, Maria},
  journal={Economics of Education Review},
  volume={85},
  pages={102177},
  year={2021},
  publisher={Elsevier},
  note = {\url{https://doi.org/10.1016/j.econedurev.2021.102177}}
}
@article{jackson2021school,
  title={Do school spending cuts matter? Evidence from the Great Recession},
  author={Jackson, C Kirabo and Wigger, Cora and Xiong, Heyu},
  journal={American Economic Journal: Economic Policy},
  volume={13},
  number={2},
  pages={304--335},
  year={2021},
  publisher={American Economic Association},
  note = {\url{/10.1257/pol.20180674}}
}
@inproceedings{chakrabarti2018effect,
  title={The Effect of State Funding for Postsecondary Education on Long-Run Student Outcomes},
  author={Chakrabarti, Rajashri and Gorton, Nicole and Lovenheim, Michael F},
  booktitle={IZA World Labor Conference, Institute of Labor Economics (Berlin June 2018)},
  pages={28--29},
  year={2018}
}
@techreport{NBERw27885,
 title = "State Investment in Higher Education: Effects on Human Capital Formation, Student Debt, and Long-term Financial Outcomes of Students",
 author = "Chakrabarti, Rajashri and Gorton, Nicole and Lovenheim, Michael F",
 institution = "National Bureau of Economic Research",
 type = "Working Paper",
 series = "Working Paper Series",
 number = "27885",
 year = "2020",
 month = "October",
  note = {\url{https://doi.org/10.3386/w27885}}
}
@article{oehlert1992note,
  title={A note on the delta method},
  author={Oehlert, Gary W},
  journal={The American Statistician},
  volume={46},
  number={1},
  pages={27--29},
  year={1992},
  publisher={Taylor \& Francis},
  note = {\url{https://doi.org/10.2307/2684406}}
}
@techreport{NBERw23736,
 title = "The Impact of Price Caps and Spending Cuts on U.S. Postsecondary Attainment",
 author = "Deming, David J and Walters, Christopher R",
 institution = "National Bureau of Economic Research",
 type = "Working Paper",
 series = "Working Paper Series",
 number = "23736",
 year = "2017",
 month = "August",
  note = {\url{https://doi.org/10.3386/w23736}}
}
@article{hoxby2009changing,
  title={The changing selectivity of American colleges},
  author={Hoxby, Caroline M},
  journal={Journal of Economic perspectives},
  volume={23},
  number={4},
  pages={95--118},
  year={2009},
  publisher={American Economic Association},
  note = {\url{https://doi.org/10.1257/jep.23.4.95}}
}
@article{bound2019public,
  title={Public universities: The supply side of building a skilled workforce},
  author={Bound, John and Braga, Breno and Khanna, Gaurav and Turner, Sarah},
  journal={RSF: The Russell Sage Foundation Journal of the Social Sciences},
  volume={5},
  number={5},
  pages={43--66},
  year={2019},
  publisher={RSF: The Russell Sage Foundation Journal of the Social Sciences},
  note = {\url{https://www.rsfjournal.org/content/5/5/43}}
}
@article{bound2007cohort,
  title={Cohort crowding: How resources affect collegiate attainment},
  author={Bound, John and Turner, Sarah},
  journal={Journal of public Economics},
  volume={91},
  number={5-6},
  pages={877--899},
  year={2007},
  publisher={Elsevier},
  note = {\url{https://doi.org/10.1016/j.jpubeco.2006.07.006}}
}
@misc{delta-cost,
  year    = {2015},
  title = {Delta Cost Project Database, American Institutes for Research},
  note = {\url{https://deltacostproject.org/delta-cost-project-database}}
}
@article{abe2015implications,
  title={Implications of university resource allocation under limited internal adjustability},
  author={Abe, Yasumi and Watanabe, Satoshi P and others},
  journal={Theoretical Economics Letters},
  volume={5},
  number={05},
  pages={637},
  year={2015},
  publisher={Scientific Research Publishing},
  note = {\url{https://doi.org/10.4236/tel.2015.55074}}
}
@article{hemelt2021math,
  title={Why is math cheaper than English? Understanding cost differences in higher education},
  author={Hemelt, Steven W and Stange, Kevin M and Furquim, Fernando and Simon, Andrew and Sawyer, John E},
  journal={Journal of Labor Economics},
  volume={39},
  number={2},
  pages={397--435},
  year={2021},
  publisher={The University of Chicago Press Chicago, IL},
  note = {\url{https://doi.org/10.1086/709535}}
}
@inbook{NBERc13879,
  Crossref = "NBERhoxb2",
  title = "Faculty Deployment in Research Universities",
  author = "Paul N. Courant and Sarah Turner",
  BookTitle = "Productivity in Higher Education",
  Publisher = "in `Productivity in Higher Education, University of Chicago Press'",
  pages = "177-208",
  note = {\url{http://www.nber.org/chapters/c13879}},
}
@inbook{NBERc13878,
  Crossref = "NBERhoxb2",
  title = "The Costs of and Net Returns to College Major",
  author = "Joseph G. Altonji and Seth D. Zimmerman",
  BookTitle = "Productivity in Higher Education",
  Publisher = "University of Chicago Press",
  pages = "133-176",
  note = {\url{http://www.nber.org/chapters/c13878}},
}
@book{NBERhoxb2,
  title = "Productivity in Higher Education",
  author = "Caroline M. Hoxby and Kevin Stange",
  institution = "National Bureau of Economic Research",
  type = "Book",
  publisher = "University of Chicago Press",
  year = "2019",
  note = {\url{http://www.nber.org/books/hoxb-2}}
}
% 10.1257/aer.104.3.931
@article{brown2014endowment,
  Author = {Brown, Jeffrey R. and Dimmock, Stephen G. and Kang, Jun-Koo and Weisbenner, Scott J.},
  Title = {How University Endowments Respond to Financial Market Shocks: Evidence and Implications},
  Journal = {American Economic Review},
  Volume = {104},
  Number = {3},
  Year = {2014},
  Month = {March},
  Pages = {931-62},
  note = {\url{https://doi.org/10.1257/aer.104.3.931}}
}
@article{johnson2009jep,
  Author = {Johnson, William R. and Turner, Sarah},
  Title = {Faculty without Students: Resource Allocation in Higher Education},
  Journal = {Journal of Economic Perspectives},
  Volume = {23},
  Number = {2},
  Year = {2009},
  Month = {June},
  Pages = {169-89},
  note = {\url{https://doi.org/10.1257/jep.23.2.169}}
}
% NBER book 2014
@inbook{turner2014impact,
  Crossref = "NBERbrown2",
  title= "The impact of the financial crisis on faculty labor markets, in `How the Financial Crisis Affected Higher Education'",
  author={Turner, Sarah E},
  pages = "133-176",
  note = {\url{https://www.nber.org/chapters/c12863}}
}
@book{NBERbrown2,
  title = "How the Financial Crisis Affected Higher Education",
  author = "Jeffrey R. Brown and Caroline M. Hoxby",
  institution = "National Bureau of Economic Research",
  type = "Book",
  publisher = "University of Chicago Press",
  year = "2014",
  note = {\url{https://www.nber.org/books-and-chapters/how-financial-crisis-and-great-recession-affected-higher-education}}
}
% On the causal interpreattion of IVs
@article{mogstad2021causal,
  title={The causal interpretation of two-stage least squares with multiple instrumental variables},
  author={Mogstad, Magne and Torgovitsky, Alexander and Walters, Christopher R},
  journal={American Economic Review},
  volume={111},
  number={11},
  pages={3663--98},
  year={2021},
  note = {\url{https://doi.org/10.1257/aer.20190221}}
}
@techreport{blandhol2022tsls,
 title = "When is TSLS Actually LATE?",
 author = "Blandhol, Christine and Bonney, John and Mogstad, Magne and Torgovitsky, Alexander",
 institution = "National Bureau of Economic Research",
 type = "Working Paper",
 series = "Working Paper Series",
 number = "29709",
 year = "2022",
 month = "January",
 note = {\url{https://doi.org/10.3386/w29709}}
}
@article{angrist1999using,
  title={Using Maimonides' rule to estimate the effect of class size on scholastic achievement},
  author={Angrist, Joshua D and Lavy, Victor},
  journal={The Quarterly journal of economics},
  volume={114},
  number={2},
  pages={533--575},
  year={1999},
  publisher={MIT Press},
 note = {\url{https://doi.org/10.1162/003355399556061}}
}
% Class size at unis
@article{bandiera2010heterogeneous,
  title={Heterogeneous class size effects: New evidence from a panel of university students},
  author={Bandiera, Oriana and Larcinese, Valentino and Rasul, Imran},
  journal={The Economic Journal},
  volume={120},
  number={549},
  pages={1365--1398},
  year={2010},
  publisher={Oxford University Press Oxford, UK},
 note = {\url{https://doi.org/10.1111/j.1468-0297.2010.02364.x}}
}
@article{bettinger2010does,
  title={Does cheaper mean better? The impact of using adjunct instructors on student outcomes},
  author={Bettinger, Eric P and Long, Bridget Terry},
  journal={The Review of Economics and Statistics},
  volume={92},
  number={3},
  pages={598--613},
  year={2010},
  publisher={The MIT Press},
 note = {\url{https://doi.org/10.1162/REST_a_00014}}
}
@article{figlio2015tenure,
  title={Are tenure track professors better teachers?},
  author={Figlio, David N and Schapiro, Morton O and Soter, Kevin B},
  journal={Review of Economics and Statistics},
  volume={97},
  number={4},
  pages={715--724},
  year={2015},
  publisher={The MIT Press},
 note = {\url{https://doi.org/10.1162/REST_a_00529}}
}
@article{mountjoy2022,
  Author = {Mountjoy, Jack},
  Title = {Community Colleges and Upward Mobility},
  Journal = {American Economic Review},
  Volume = {112},
  Number = {8},
  Year = {2022},
  Month = {August},
  Pages = {2580-2630},
  note = {\url{https://doi.org/10.1257/aer.20181756}}
}
@Manual{aau2021survey,
	title = {{2020-21 Faculty Compensation Survey Results}},
	author = {{American Association of University Professors}},
    Year = {2021},
    note = {\url{https://www.aaup.org/2020-21-faculty-compensation-survey-results}}
}
@article{parmley2009state,
  title={State budgeting for higher education in the united states},
  author={Parmley, Kelli and Bell, Allison and L'Orange, Hans and Lingenfelter, Paul},
  journal={Report, State Higher Education Executive Officers},
  year={2009},
  publisher={ERIC},
  note = {\url{https://eric.ed.gov/?id=ED506284}}
}
@article{delaney2011state,
  title={State spending on higher education: Testing the balance wheel over time},
  author={Delaney, Jennifer A and Doyle, William R},
  journal={Journal of Education Finance},
  pages={343--368},
  year={2011},
  note = {\url{https://doi.org/10.1007/s11162-013-9319-2}}
}
@article{jorda2005,
  Author = {Jord\'a, \'Oscar},
  Title = {Estimation and Inference of Impulse Responses by Local Projections},
  Journal = {American Economic Review},
  Volume = {95},
  Number = {1},
  Year = {2005},
  Month = {March},
  Pages = {161-182},
  note = {\url{https://doi.org/10.1257/0002828053828518}}
}
@techreport{miller2022,
 title = "Dynamic Treatment Effects for Empirical Microeconomists: Local Projections and Quasi-Experimental Research Designs",
 author = {Gaetano Basso and Douglas Miller and Jessamyn Schaller},
 type = {Working Paper},
 year = {2022}
}
@article{bound2010have,
  title={Why have college completion rates declined? An analysis of changing student preparation and collegiate resources},
  author={Bound, John and Lovenheim, Michael F and Turner, Sarah},
  journal={American Economic Journal: Applied Economics},
  volume={2},
  number={3},
  pages={129--57},
  year={2010},
  note = {\url{https://doi.org/10.1257/app.2.3.129}}
}
@article{young2020squandered,
  title={“Squandered in real time”: How public management theory underestimated the public administration--politics dichotomy},
  author={Young, Sarah L and Wiley, Kimberly K and Searing, Elizabeth AM},
  journal={The American Review of Public Administration},
  volume={50},
  number={6-7},
  pages={480--488},
  year={2020},
  publisher={SAGE Publications Sage CA: Los Angeles, CA},
  note = {\url{https://doi.org/10.1177/0275074020941669}}
}
@techreport{furlough2010,
 title = {Furloughs, Voluntary Pay Reduction Program and Hiring Freeze Information},
 author ={{Employee Relations and Human Resources at the University of Illinois}},
 year = {2010},
 note = {\url{https://nessie.uihr.uillinois.edu/pdf/HR_Services-Furlough-and-Hiring-Freeze-Webinar-2010-01-22.pdf}}
}
@techreport{wiu2016,
 title = {Western Illinois University to Cut \$20 Million 2/26/16]},
 author ={{University Communications at Western Illinois University}},
 year = {2016},
 note = {\url{http://www.wiu.edu/news/newsrelease_print.php?release_id=13379}}
}
@incollection{ehrenberg2012,
  Author = {Ehrenberg, Ronald G.},
  Title = {American Higher Education in Transition},
  Journal = {Journal of Economic Perspectives},
  Volume = {26},
  Number = {1},
  Year = {2012},
  Month = {February},
  Pages = {193-216},
  note = {\url{https://doi.org/10.1257/jep.26.1.193}}
}
% Papers on faculty hiring related to uni finances
@article{blackaby2005,
    author = {Blackaby, David and Booth, Alison L and Frank, Jeff},
    title = {Outside Offers and the Gender Pay Gap: Empirical Evidence from the UK Academic Labour Market},
    journal = {The Economic Journal},
    volume = {115},
    number = {501},
    pages = {F81-F107},
    year = {2005},
    month = {01},
    issn = {0013-0133},
    note={\url{https://doi.org/10.1111/j.0013-0133.2005.00973.x}}
}
% Shift-share design
@article{borusyak2022quasi,
  title={Quasi-experimental shift-share research designs},
  author={Borusyak, Kirill and Hull, Peter and Jaravel, Xavier},
  journal={The Review of Economic Studies},
  volume={89},
  number={1},
  pages={181--213},
  year={2022},
  publisher={Oxford University Press},
  note={\url{https://doi.org/10.1093/restud/rdab030}}
}
@article{miller2022making,
  title={Making college affordable? The impacts of tuition freezes and caps},
  author={Miller, Lois and Park, Minseon},
  journal={Economics of Education Review},
  volume={89},
  pages={102265},
  year={2022},
  publisher={Elsevier},
  note={\url{https://doi.org/10.1016/j.econedurev.2022.102265}}
}
@article{pei2019poorly,
  title={Poorly measured confounders are more useful on the left than on the right},
  author={Pei, Zhuan and Pischke, J{\"o}rn-Steffen and Schwandt, Hannes},
  journal={Journal of Business \& Economic Statistics},
  volume={37},
  number={2},
  pages={205--216},
  year={2019},
  publisher={Taylor \& Francis},
  note={\url{https://doi.org/10.1080/07350015.2018.1462710}}
}
@book{urquiola2020markets,
  title={Markets, Minds, and Money: Why America Leads the World in University Research},
  author={Urquiola, Miguel},
  year={2020},
  publisher={Harvard University Press}
}
@article{ehrenberg2012american,
  title={American higher education in transition},
  author={Ehrenberg, Ronald G},
  journal={Journal of Economic Perspectives},
  volume={26},
  number={1},
  pages={193--216},
  year={2012},
  publisher={American Economic Association},
  note={\url{https://doi.org/10.1257/jep.26.1.193}}
}

%% Packages for the data analysis stages.
% R langauge: Rscript -e 'toBibtex(citation())'
@Manual{R2022,
	title = {R: A Language and Environment for Statistical Computing},
	author = {{R Core Team}},
	organization = {R Foundation for Statistical Computing},
	address = {Vienna, Austria},
	year = {2022},
	note = {\url{https://www.R-project.org/}}
}
% R Tidyverse: Rscript -e 'toBibtex(citation("tidyverse"))'
@Article{tidyverse,
    title = {Welcome to the {tidyverse}},
    author = {Hadley Wickham and Mara Averick and Jennifer Bryan and Winston Chang and Lucy D'Agostino McGowan and Romain François and Garrett Grolemund and Alex Hayes and Lionel Henry and Jim Hester and Max Kuhn and Thomas Lin Pedersen and Evan Miller and Stephan Milton Bache and Kirill Müller and Jeroen Ooms and David Robinson and Dana Paige Seidel and Vitalie Spinu and Kohske Takahashi and Davis Vaughan and Claus Wilke and Kara Woo and Hiroaki Yutani},
    year = {2019},
    journal = {Journal of Open Source Software},
    volume = {4},
    number = {43},
    pages = {1686},
    note = {\url{https://doi.org/10.21105/joss.01686}},
}
% R fixed effects and IV: Rscript -e 'toBibtex(citation("lfe"))'
@Article{lfe,
  title = {{lfe}: Linear group fixed effects},
  author = {Simen Gaure},
  journal = {The R Journal},
  pages = {104-117},
  year = {2013},
  volume = {5},
  number = {2},
  month = {Dec},
  note = {\url{https://journal.r-project.org/archive/2013/RJ-2013-031/RJ-2013-031.pdf}},
}
% Stargazer (TeX tables)
@Manual{stargazer,
  title = {stargazer: Well-Formatted Regression and Summary Statistics Tables},
  author = {Marek Hlavac},
  year = {2018},
  note = {R package version 5.2.2, \url{https://CRAN.R-project.org/package=stargazer}},
  organization = {Central European Labour Studies Institute (CELSI)}
}
% modelsummary  (TeX tables)
@article{JSSv103i01,
 title={modelsummary: Data and Model Summaries in R},
 volume={103},
 note = {\url{https://doi.org/10.18637/jss.v103.i01}},
 number={1},
 journal={Journal of Statistical Software},
 author={Arel-Bundock, Vincent},
 year={2022},
 pages={1-23}
}
% Local projections package
@article{lpirfs2019,
  author = {Philipp Adämmer},
  title = {{lpirfs: An R Package to Estimate Impulse Response Functions
          by Local Projections}},
  year = {2019},
  journal = {{The R Journal}},
  note = {\url{https://doi.org/10.32614/RJ-2019-052}},
  pages = {421--438},
  volume = {11},
  number = {2}
}